@article{iverson1980notation,
  address =       {New York, NY, USA},
  author =        {Iverson, Kenneth E.},
  journal =       {Communications of the ACM},
  month =         aug,
  number =        {8},
  pages =         {444â€“465},
  publisher =     {Association for Computing Machinery},
  title =         {Notation as a Tool of Thought},
  volume =        {23},
  year =          {1980},
  doi =           {10.1145/358896.358899},
  issn =          {0001-0782},
  url =           {https://doi.org/10.1145/358896.358899},
}

@article{dubois2007guest,
  author =        {Dubois, Paul F},
  journal =       {Computing in Science \& Engineering},
  number =        {3},
  pages =         {7--9},
  publisher =     {IEEE},
  title =         {{P}ython: Batteries Included},
  volume =        {9},
  year =          {2007},
  url =           {https://doi.org/10.1109/MCSE.2007.51},
}

@article{oliphant2007python,
  author =        {Travis E. Oliphant},
  journal =       {Computing in Science \& Engineering},
  month =         {May-June},
  number =        {3},
  pages =         {10--20},
  publisher =     {IEEE},
  title =         {{P}ython for scientific computing},
  volume =        {9},
  year =          {2007},
  url =           {https://doi.org/10.1109/MCSE.2007.58},
}

@article{millman2011python,
  author =        {Millman, K Jarrod and Aivazis, Michael},
  journal =       {Computing in Science \& Engineering},
  number =        {2},
  pages =         {9--12},
  publisher =     {IEEE},
  title =         {{P}ython for scientists and engineers},
  volume =        {13},
  year =          {2011},
  url =           {https://doi.org/10.1109/MCSE.2011.36},
}

@article{perez2011python,
  author =        {P\'{e}rez, Fernando and Granger, Brian E and
                   Hunter, John D},
  journal =       {Computing in Science \& Engineering},
  number =        {2},
  pages =         {13--21},
  publisher =     {IEEE},
  title =         {{P}ython: an ecosystem for scientific computing},
  volume =        {13},
  year =          {2011},
  url =           {https://doi.org/10.1109/MCSE.2010.119},
}

@article{PhysRevLett.116.061102,
  title = {Observation of Gravitational Waves from a Binary Black Hole Merger},
  author = {Abbott, B. P. and Abbott, R. and Abbott, T. D. and Abernathy, M. R. and Acernese, F. and Ackley, K. and Adams, C. and Adams, T. and Addesso, P. and Adhikari, R. X. and Adya, V. B. and Affeldt, C. and Agathos, M. and Agatsuma, K. and Aggarwal, N. and Aguiar, O. D. and Aiello, L. and Ain, A. and Ajith, P. and Allen, B. and Allocca, A. and Altin, P. A. and Anderson, S. B. and Anderson, W. G. and Arai, K. and Arain, M. A. and Araya, M. C. and Arceneaux, C. C. and Areeda, J. S. and Arnaud, N. and Arun, K. G. and Ascenzi, S. and Ashton, G. and Ast, M. and Aston, S. M. and Astone, P. and Aufmuth, P. and Aulbert, C. and Babak, S. and Bacon, P. and Bader, M. K. M. and Baker, P. T. and Baldaccini, F. and Ballardin, G. and Ballmer, S. W. and Barayoga, J. C. and Barclay, S. E. and Barish, B. C. and Barker, D. and Barone, F. and Barr, B. and Barsotti, L. and Barsuglia, M. and Barta, D. and Bartlett, J. and Barton, M. A. and Bartos, I. and Bassiri, R. and Basti, A. and Batch, J. C. and Baune, C. and Bavigadda, V. and Bazzan, M. and Behnke, B. and Bejger, M. and Belczynski, C. and Bell, A. S. and Bell, C. J. and Berger, B. K. and Bergman, J. and Bergmann, G. and Berry, C. P. L. and Bersanetti, D. and Bertolini, A. and Betzwieser, J. and Bhagwat, S. and Bhandare, R. and Bilenko, I. A. and Billingsley, G. and Birch, J. and Birney, R. and Birnholtz, O. and Biscans, S. and Bisht, A. and Bitossi, M. and Biwer, C. and Bizouard, M. A. and Blackburn, J. K. and Blair, C. D. and Blair, D. G. and Blair, R. M. and Bloemen, S. and Bock, O. and Bodiya, T. P. and Boer, M. and Bogaert, G. and Bogan, C. and Bohe, A. and Bojtos, P. and Bond, C. and Bondu, F. and Bonnand, R. and Boom, B. A. and Bork, R. and Boschi, V. and Bose, S. and Bouffanais, Y. and Bozzi, A. and Bradaschia, C. and Brady, P. R. and Braginsky, V. B. and Branchesi, M. and Brau, J. E. and Briant, T. and Brillet, A. and Brinkmann, M. and Brisson, V. and Brockill, P. and Brooks, A. F. and Brown, D. A. and Brown, D. D. and Brown, N. M. and Buchanan, C. C. and Buikema, A. and Bulik, T. and Bulten, H. J. and Buonanno, A. and Buskulic, D. and Buy, C. and Byer, R. L. and Cabero, M. and Cadonati, L. and Cagnoli, G. and Cahillane, C. and Bustillo, J. Calder\'on and Callister, T. and Calloni, E. and Camp, J. B. and Cannon, K. C. and Cao, J. and Capano, C. D. and Capocasa, E. and Carbognani, F. and Caride, S. and Diaz, J. Casanueva and Casentini, C. and Caudill, S. and Cavagli\`a, M. and Cavalier, F. and Cavalieri, R. and Cella, G. and Cepeda, C. B. and Baiardi, L. Cerboni and Cerretani, G. and Cesarini, E. and Chakraborty, R. and Chalermsongsak, T. and Chamberlin, S. J. and Chan, M. and Chao, S. and Charlton, P. and Chassande-Mottin, E. and Chen, H. Y. and Chen, Y. and Cheng, C. and Chincarini, A. and Chiummo, A. and Cho, H. S. and Cho, M. and Chow, J. H. and Christensen, N. and Chu, Q. and Chua, S. and Chung, S. and Ciani, G. and Clara, F. and Clark, J. A. and Cleva, F. and Coccia, E. and Cohadon, P.-F. and Colla, A. and Collette, C. G. and Cominsky, L. and Constancio, M. and Conte, A. and Conti, L. and Cook, D. and Corbitt, T. R. and Cornish, N. and Corsi, A. and Cortese, S. and Costa, C. A. and Coughlin, M. W. and Coughlin, S. B. and Coulon, J.-P. and Countryman, S. T. and Couvares, P. and Cowan, E. E. and Coward, D. M. and Cowart, M. J. and Coyne, D. C. and Coyne, R. and Craig, K. and Creighton, J. D. E. and Creighton, T. D. and Cripe, J. and Crowder, S. G. and Cruise, A. M. and Cumming, A. and Cunningham, L. and Cuoco, E. and Canton, T. Dal and Danilishin, S. L. and D'Antonio, S. and Danzmann, K. and Darman, N. S. and Da Silva Costa, C. F. and Dattilo, V. and Dave, I. and Daveloza, H. P. and Davier, M. and Davies, G. S. and Daw, E. J. and Day, R. and De, S. and DeBra, D. and Debreczeni, G. and Degallaix, J. and De Laurentis, M. and Del\'eglise, S. and Del Pozzo, W. and Denker, T. and Dent, T. and Dereli, H. and Dergachev, V. and DeRosa, R. T. and De Rosa, R. and DeSalvo, R. and Dhurandhar, S. and D\'{\i}az, M. C. and Di Fiore, L. and Di Giovanni, M. and Di Lieto, A. and Di Pace, S. and Di Palma, I. and Di Virgilio, A. and Dojcinoski, G. and Dolique, V. and Donovan, F. and Dooley, K. L. and Doravari, S. and Douglas, R. and Downes, T. P. and Drago, M. and Drever, R. W. P. and Driggers, J. C. and Du, Z. and Ducrot, M. and Dwyer, S. E. and Edo, T. B. and Edwards, M. C. and Effler, A. and Eggenstein, H.-B. and Ehrens, P. and Eichholz, J. and Eikenberry, S. S. and Engels, W. and Essick, R. C. and Etzel, T. and Evans, M. and Evans, T. M. and Everett, R. and Factourovich, M. and Fafone, V. and Fair, H. and Fairhurst, S. and Fan, X. and Fang, Q. and Farinon, S. and Farr, B. and Farr, W. M. and Favata, M. and Fays, M. and Fehrmann, H. and Fejer, M. M. and Feldbaum, D. and Ferrante, I. and Ferreira, E. C. and Ferrini, F. and Fidecaro, F. and Finn, L. S. and Fiori, I. and Fiorucci, D. and Fisher, R. P. and Flaminio, R. and Fletcher, M. and Fong, H. and Fournier, J.-D. and Franco, S. and Frasca, S. and Frasconi, F. and Frede, M. and Frei, Z. and Freise, A. and Frey, R. and Frey, V. and Fricke, T. T. and Fritschel, P. and Frolov, V. V. and Fulda, P. and Fyffe, M. and Gabbard, H. A. G. and Gair, J. R. and Gammaitoni, L. and Gaonkar, S. G. and Garufi, F. and Gatto, A. and Gaur, G. and Gehrels, N. and Gemme, G. and Gendre, B. and Genin, E. and Gennai, A. and George, J. and Gergely, L. and Germain, V. and Ghosh, Abhirup and Ghosh, Archisman and Ghosh, S. and Giaime, J. A. and Giardina, K. D. and Giazotto, A. and Gill, K. and Glaefke, A. and Gleason, J. R. and Goetz, E. and Goetz, R. and Gondan, L. and Gonz\'alez, G. and Castro, J. M. Gonzalez and Gopakumar, A. and Gordon, N. A. and Gorodetsky, M. L. and Gossan, S. E. and Gosselin, M. and Gouaty, R. and Graef, C. and Graff, P. B. and Granata, M. and Grant, A. and Gras, S. and Gray, C. and Greco, G. and Green, A. C. and Greenhalgh, R. J. S. and Groot, P. and Grote, H. and Grunewald, S. and Guidi, G. M. and Guo, X. and Gupta, A. and Gupta, M. K. and Gushwa, K. E. and Gustafson, E. K. and Gustafson, R. and Hacker, J. J. and Hall, B. R. and Hall, E. D. and Hammond, G. and Haney, M. and Hanke, M. M. and Hanks, J. and Hanna, C. and Hannam, M. D. and Hanson, J. and Hardwick, T. and Harms, J. and Harry, G. M. and Harry, I. W. and Hart, M. J. and Hartman, M. T. and Haster, C.-J. and Haughian, K. and Healy, J. and Heefner, J. and Heidmann, A. and Heintze, M. C. and Heinzel, G. and Heitmann, H. and Hello, P. and Hemming, G. and Hendry, M. and Heng, I. S. and Hennig, J. and Heptonstall, A. W. and Heurs, M. and Hild, S. and Hoak, D. and Hodge, K. A. and Hofman, D. and Hollitt, S. E. and Holt, K. and Holz, D. E. and Hopkins, P. and Hosken, D. J. and Hough, J. and Houston, E. A. and Howell, E. J. and Hu, Y. M. and Huang, S. and Huerta, E. A. and Huet, D. and Hughey, B. and Husa, S. and Huttner, S. H. and Huynh-Dinh, T. and Idrisy, A. and Indik, N. and Ingram, D. R. and Inta, R. and Isa, H. N. and Isac, J.-M. and Isi, M. and Islas, G. and Isogai, T. and Iyer, B. R. and Izumi, K. and Jacobson, M. B. and Jacqmin, T. and Jang, H. and Jani, K. and Jaranowski, P. and Jawahar, S. and Jim\'enez-Forteza, F. and Johnson, W. W. and Johnson-McDaniel, N. K. and Jones, D. I. and Jones, R. and Jonker, R. J. G. and Ju, L. and Haris, K. and Kalaghatgi, C. V. and Kalogera, V. and Kandhasamy, S. and Kang, G. and Kanner, J. B. and Karki, S. and Kasprzack, M. and Katsavounidis, E. and Katzman, W. and Kaufer, S. and Kaur, T. and Kawabe, K. and Kawazoe, F. and K\'ef\'elian, F. and Kehl, M. S. and Keitel, D. and Kelley, D. B. and Kells, W. and Kennedy, R. and Keppel, D. G. and Key, J. S. and Khalaidovski, A. and Khalili, F. Y. and Khan, I. and Khan, S. and Khan, Z. and Khazanov, E. A. and Kijbunchoo, N. and Kim, C. and Kim, J. and Kim, K. and Kim, Nam-Gyu and Kim, Namjun and Kim, Y.-M. and King, E. J. and King, P. J. and Kinzel, D. L. and Kissel, J. S. and Kleybolte, L. and Klimenko, S. and Koehlenbeck, S. M. and Kokeyama, K. and Koley, S. and Kondrashov, V. and Kontos, A. and Koranda, S. and Korobko, M. and Korth, W. Z. and Kowalska, I. and Kozak, D. B. and Kringel, V. and Krishnan, B. and Kr\'olak, A. and Krueger, C. and Kuehn, G. and Kumar, P. and Kumar, R. and Kuo, L. and Kutynia, A. and Kwee, P. and Lackey, B. D. and Landry, M. and Lange, J. and Lantz, B. and Lasky, P. D. and Lazzarini, A. and Lazzaro, C. and Leaci, P. and Leavey, S. and Lebigot, E. O. and Lee, C. H. and Lee, H. K. and Lee, H. M. and Lee, K. and Lenon, A. and Leonardi, M. and Leong, J. R. and Leroy, N. and Letendre, N. and Levin, Y. and Levine, B. M. and Li, T. G. F. and Libson, A. and Littenberg, T. B. and Lockerbie, N. A. and Logue, J. and Lombardi, A. L. and London, L. T. and Lord, J. E. and Lorenzini, M. and Loriette, V. and Lormand, M. and Losurdo, G. and Lough, J. D. and Lousto, C. O. and Lovelace, G. and L\"uck, H. and Lundgren, A. P. and Luo, J. and Lynch, R. and Ma, Y. and MacDonald, T. and Machenschalk, B. and MacInnis, M. and Macleod, D. M. and Maga\~na-Sandoval, F. and Magee, R. M. and Mageswaran, M. and Majorana, E. and Maksimovic, I. and Malvezzi, V. and Man, N. and Mandel, I. and Mandic, V. and Mangano, V. and Mansell, G. L. and Manske, M. and Mantovani, M. and Marchesoni, F. and Marion, F. and M\'arka, S. and M\'arka, Z. and Markosyan, A. S. and Maros, E. and Martelli, F. and Martellini, L. and Martin, I. W. and Martin, R. M. and Martynov, D. V. and Marx, J. N. and Mason, K. and Masserot, A. and Massinger, T. J. and Masso-Reid, M. and Matichard, F. and Matone, L. and Mavalvala, N. and Mazumder, N. and Mazzolo, G. and McCarthy, R. and McClelland, D. E. and McCormick, S. and McGuire, S. C. and McIntyre, G. and McIver, J. and McManus, D. J. and McWilliams, S. T. and Meacher, D. and Meadors, G. D. and Meidam, J. and Melatos, A. and Mendell, G. and Mendoza-Gandara, D. and Mercer, R. A. and Merilh, E. and Merzougui, M. and Meshkov, S. and Messenger, C. and Messick, C. and Meyers, P. M. and Mezzani, F. and Miao, H. and Michel, C. and Middleton, H. and Mikhailov, E. E. and Milano, L. and Miller, J. and Millhouse, M. and Minenkov, Y. and Ming, J. and Mirshekari, S. and Mishra, C. and Mitra, S. and Mitrofanov, V. P. and Mitselmakher, G. and Mittleman, R. and Moggi, A. and Mohan, M. and Mohapatra, S. R. P. and Montani, M. and Moore, B. C. and Moore, C. J. and Moraru, D. and Moreno, G. and Morriss, S. R. and Mossavi, K. and Mours, B. and Mow-Lowry, C. M. and Mueller, C. L. and Mueller, G. and Muir, A. W. and Mukherjee, Arunava and Mukherjee, D. and Mukherjee, S. and Mukund, N. and Mullavey, A. and Munch, J. and Murphy, D. J. and Murray, P. G. and Mytidis, A. and Nardecchia, I. and Naticchioni, L. and Nayak, R. K. and Necula, V. and Nedkova, K. and Nelemans, G. and Neri, M. and Neunzert, A. and Newton, G. and Nguyen, T. T. and Nielsen, A. B. and Nissanke, S. and Nitz, A. and Nocera, F. and Nolting, D. and Normandin, M. E. N. and Nuttall, L. K. and Oberling, J. and Ochsner, E. and O'Dell, J. and Oelker, E. and Ogin, G. H. and Oh, J. J. and Oh, S. H. and Ohme, F. and Oliver, M. and Oppermann, P. and Oram, Richard J. and O'Reilly, B. and O'Shaughnessy, R. and Ott, C. D. and Ottaway, D. J. and Ottens, R. S. and Overmier, H. and Owen, B. J. and Pai, A. and Pai, S. A. and Palamos, J. R. and Palashov, O. and Palomba, C. and Pal-Singh, A. and Pan, H. and Pan, Y. and Pankow, C. and Pannarale, F. and Pant, B. C. and Paoletti, F. and Paoli, A. and Papa, M. A. and Paris, H. R. and Parker, W. and Pascucci, D. and Pasqualetti, A. and Passaquieti, R. and Passuello, D. and Patricelli, B. and Patrick, Z. and Pearlstone, B. L. and Pedraza, M. and Pedurand, R. and Pekowsky, L. and Pele, A. and Penn, S. and Perreca, A. and Pfeiffer, H. P. and Phelps, M. and Piccinni, O. and Pichot, M. and Pickenpack, M. and Piergiovanni, F. and Pierro, V. and Pillant, G. and Pinard, L. and Pinto, I. M. and Pitkin, M. and Poeld, J. H. and Poggiani, R. and Popolizio, P. and Post, A. and Powell, J. and Prasad, J. and Predoi, V. and Premachandra, S. S. and Prestegard, T. and Price, L. R. and Prijatelj, M. and Principe, M. and Privitera, S. and Prix, R. and Prodi, G. A. and Prokhorov, L. and Puncken, O. and Punturo, M. and Puppo, P. and P\"urrer, M. and Qi, H. and Qin, J. and Quetschke, V. and Quintero, E. A. and Quitzow-James, R. and Raab, F. J. and Rabeling, D. S. and Radkins, H. and Raffai, P. and Raja, S. and Rakhmanov, M. and Ramet, C. R. and Rapagnani, P. and Raymond, V. and Razzano, M. and Re, V. and Read, J. and Reed, C. M. and Regimbau, T. and Rei, L. and Reid, S. and Reitze, D. H. and Rew, H. and Reyes, S. D. and Ricci, F. and Riles, K. and Robertson, N. A. and Robie, R. and Robinet, F. and Rocchi, A. and Rolland, L. and Rollins, J. G. and Roma, V. J. and Romano, J. D. and Romano, R. and Romanov, G. and Romie, J. H. and Rosi\ifmmode \acute{n}\else \'{n}\fi{}ska, D. and Rowan, S. and R\"udiger, A. and Ruggi, P. and Ryan, K. and Sachdev, S. and Sadecki, T. and Sadeghian, L. and Salconi, L. and Saleem, M. and Salemi, F. and Samajdar, A. and Sammut, L. and Sampson, L. M. and Sanchez, E. J. and Sandberg, V. and Sandeen, B. and Sanders, G. H. and Sanders, J. R. and Sassolas, B. and Sathyaprakash, B. S. and Saulson, P. R. and Sauter, O. and Savage, R. L. and Sawadsky, A. and Schale, P. and Schilling, R. and Schmidt, J. and Schmidt, P. and Schnabel, R. and Schofield, R. M. S. and Sch\"onbeck, A. and Schreiber, E. and Schuette, D. and Schutz, B. F. and Scott, J. and Scott, S. M. and Sellers, D. and Sengupta, A. S. and Sentenac, D. and Sequino, V. and Sergeev, A. and Serna, G. and Setyawati, Y. and Sevigny, A. and Shaddock, D. A. and Shaffer, T. and Shah, S. and Shahriar, M. S. and Shaltev, M. and Shao, Z. and Shapiro, B. and Shawhan, P. and Sheperd, A. and Shoemaker, D. H. and Shoemaker, D. M. and Siellez, K. and Siemens, X. and Sigg, D. and Silva, A. D. and Simakov, D. and Singer, A. and Singer, L. P. and Singh, A. and Singh, R. and Singhal, A. and Sintes, A. M. and Slagmolen, B. J. J. and Smith, J. R. and Smith, M. R. and Smith, N. D. and Smith, R. J. E. and Son, E. J. and Sorazu, B. and Sorrentino, F. and Souradeep, T. and Srivastava, A. K. and Staley, A. and Steinke, M. and Steinlechner, J. and Steinlechner, S. and Steinmeyer, D. and Stephens, B. C. and Stevenson, S. P. and Stone, R. and Strain, K. A. and Straniero, N. and Stratta, G. and Strauss, N. A. and Strigin, S. and Sturani, R. and Stuver, A. L. and Summerscales, T. Z. and Sun, L. and Sutton, P. J. and Swinkels, B. L. and Szczepa\ifmmode \acute{n}\else \'{n}\fi{}czyk, M. J. and Tacca, M. and Talukder, D. and Tanner, D. B. and T\'apai, M. and Tarabrin, S. P. and Taracchini, A. and Taylor, R. and Theeg, T. and Thirugnanasambandam, M. P. and Thomas, E. G. and Thomas, M. and Thomas, P. and Thorne, K. A. and Thorne, K. S. and Thrane, E. and Tiwari, S. and Tiwari, V. and Tokmakov, K. V. and Tomlinson, C. and Tonelli, M. and Torres, C. V. and Torrie, C. I. and T\"oyr\"a, D. and Travasso, F. and Traylor, G. and Trifir\`o, D. and Tringali, M. C. and Trozzo, L. and Tse, M. and Turconi, M. and Tuyenbayev, D. and Ugolini, D. and Unnikrishnan, C. S. and Urban, A. L. and Usman, S. A. and Vahlbruch, H. and Vajente, G. and Valdes, G. and Vallisneri, M. and van Bakel, N. and van Beuzekom, M. and van den Brand, J. F. J. and Van Den Broeck, C. and Vander-Hyde, D. C. and van der Schaaf, L. and van Heijningen, J. V. and van Veggel, A. A. and Vardaro, M. and Vass, S. and Vas\'uth, M. and Vaulin, R. and Vecchio, A. and Vedovato, G. and Veitch, J. and Veitch, P. J. and Venkateswara, K. and Verkindt, D. and Vetrano, F. and Vicer\'e, A. and Vinciguerra, S. and Vine, D. J. and Vinet, J.-Y. and Vitale, S. and Vo, T. and Vocca, H. and Vorvick, C. and Voss, D. and Vousden, W. D. and Vyatchanin, S. P. and Wade, A. R. and Wade, L. E. and Wade, M. and Waldman, S. J. and Walker, M. and Wallace, L. and Walsh, S. and Wang, G. and Wang, H. and Wang, M. and Wang, X. and Wang, Y. and Ward, H. and Ward, R. L. and Warner, J. and Was, M. and Weaver, B. and Wei, L.-W. and Weinert, M. and Weinstein, A. J. and Weiss, R. and Welborn, T. and Wen, L. and We\ss{}els, P. and Westphal, T. and Wette, K. and Whelan, J. T. and Whitcomb, S. E. and White, D. J. and Whiting, B. F. and Wiesner, K. and Wilkinson, C. and Willems, P. A. and Williams, L. and Williams, R. D. and Williamson, A. R. and Willis, J. L. and Willke, B. and Wimmer, M. H. and Winkelmann, L. and Winkler, W. and Wipf, C. C. and Wiseman, A. G. and Wittel, H. and Woan, G. and Worden, J. and Wright, J. L. and Wu, G. and Yablon, J. and Yakushin, I. and Yam, W. and Yamamoto, H. and Yancey, C. C. and Yap, M. J. and Yu, H. and Yvert, M. and Zadro\ifmmode \dot{z}\else \.{z}\fi{}ny, A. and Zangrando, L. and Zanolin, M. and Zendri, J.-P. and Zevin, M. and Zhang, F. and Zhang, L. and Zhang, M. and Zhang, Y. and Zhao, C. and Zhou, M. and Zhou, Z. and Zhu, X. J. and Zucker, M. E. and Zuraw, S. E. and Zweizig, J.},
  collaboration = {LIGO Scientific Collaboration and Virgo Collaboration},
  journal = {Phys. Rev. Lett.},
  volume = {116},
  issue = {6},
  pages = {061102},
  numpages = {16},
  year = {2016},
  month = {Feb},
  publisher = {American Physical Society},
  doi = {10.1103/PhysRevLett.116.061102},
  url = {https://link.aps.org/doi/10.1103/PhysRevLett.116.061102}
}

@article{abbott2016observation,
  author =        {Abbott, Benjamin P and Abbott, Richard and Abbott, TD and
                   Abernathy, MR and Acernese, Fausto and
                   Ackley, Kendall and Adams, Carl and Adams, Thomas and
                   Addesso, Paolo and Adhikari, RX and others},
  journal =       {Physical Review Letters},
  number =        {6},
  pages =         {061102},
  publisher =     {APS},
  title =         {Observation of gravitational waves from a binary
                   black hole merger},
  volume =        {116},
  year =          {2016},
}

@article{eht-imaging,
  author =        {Chael, Andrew A and Johnson, Michael D and
                   Narayan, Ramesh and Doeleman, Sheperd S and
                   Wardle, John FC and Bouman, Katherine L},
  journal =       {The Astrophysical Journal},
  number =        {1},
  pages =         {11},
  publisher =     {IOP Publishing},
  title =         {High-resolution linear polarimetric imaging for the
                   event horizon telescope},
  volume =        {829},
  year =          {2016},
}

@article{dubois1996numerical,
  author =        {Dubois, Paul F and Hinsen, Konrad and Hugunin, James},
  journal =       {Computers in Physics},
  number =        {3},
  pages =         {262--267},
  publisher =     {American Institute of Physics},
  title =         {Numerical {P}ython},
  volume =        {10},
  year =          {1996},
}

@misc{Numericmanual,
  author =        {David Ascher and Paul F. Dubois and Konrad Hinsen and
                   Jim Hugunin and Travis E. Oliphant},
  title =         {An Open Source Project: Numerical {P}ython},
  year =          {2001},
  doi =           {10.5281/zenodo.3599567},
}

@inproceedings{yang1997steering,
  author =        {Yang, T-YB and Furnish, Geoffrey and Dubois, Paul F},
  booktitle =     {Proceedings of TOOLS USA 97. International Conference
                   on Technology of Object Oriented Systems and
                   Languages},
  organization =  {IEEE},
  pages =         {112--119},
  title =         {Steering object-oriented scientific computations},
  year =          {1997},
}

@article{greenfield2003numarray,
  author =        {Greenfield, Perry and Miller, Jay Todd and Hsu, JT and
                   White, Richard L},
  journal =       {PyCon DC},
  publisher =     {Citeseer},
  title =         {numarray: A new scientific array package for
                   {Python}},
  year =          {2003},
  url =           {http://citeseerx.ist.psu.edu/viewdoc/download?
                   doi=10.1.1.112.9899&rep=rep1&type=pdf},
}

@book{oliphant2006guide,
  author =        {Oliphant, Travis E},
  edition =       {1st},
  publisher =     {Trelgol Publishing USA},
  title =         {Guide to {NumPy}},
  year =          {2006},
  url =           {https://archive.org/details/NumPyBook},
}

@article{virtanen2020scipy,
  author =        {Virtanen, P. and Gommers, R. and Oliphant, T. E. and
                   Haberland, M. and Reddy, T. and Cournapeau, D. and
                   Burovski, E. and Peterson, P. and Weckesser, W. and
                   Bright, J. and van der Walt, S. J. and Brett, M. and
                   Wilson, J. and K. J. Millman and Mayorov, N. and
                   Nelson, A. R. J. and Jones, E. and Kern, R. and
                   Larson, E. and Carey, C. J. and Polat, \.{I}. and
                   Feng, Y. and Moore, E. W. and VanderPlas, J. and
                   Laxalde, D. and Perktold, J. and Cimrman, R. and
                   Henriksen, I. and Quintero, E. A. and Harris, C. R. and
                   Archibald, A. M. and Ribeiro, A. H. and Pedregosa, F. and
                   van Mulbregt, P. and {SciPy 1.0 Contributors}},
  journal =       {Nature Methods},
  pages =         {261--272},
  title =         {{SciPy} 1.0---Fundamental Algorithms for Scientific
                   Computing in {Python}},
  volume =        {17},
  year =          {2020},
}

@article{hunter2007matplotlib,
  author =        {Hunter, John D},
  journal =       {Computing in Science \& Engineering},
  number =        {3},
  pages =         {90--95},
  publisher =     {IEEE},
  title =         {Matplotlib: A {2D} graphics environment},
  volume =        {9},
  year =          {2007},
  url =           {https://doi.org/10.1109/MCSE.2007.55},
}

@inproceedings{mckinney-proc-scipy-2010,
  author =        {Wes McKinney},
  booktitle =     {Proceedings of the 9th Python in Science Conference},
  editor =        {St\'efan van der Walt and Jarrod Millman},
  pages =         {51 - 56},
  title =         {Data Structures for Statistical Computing in {Python}},
  year =          {2010},
}

@article{pedregosa2011scikit,
  author =        {Pedregosa, Fabian and Varoquaux, Ga{\"e}l and
                   Gramfort, Alexandre and Michel, Vincent and
                   Thirion, Bertrand and Grisel, Olivier and
                   Blondel, Mathieu and Prettenhofer, Peter and
                   Weiss, Ron and Dubourg, Vincent and
                   Vanderplas, Jake and Passos, Alexandre and
                   Cournapeau, David and Brucher, Matthieu and
                   Perrot, Matthieu and Duchesnay, {\'E}douard},
  journal =       {Journal of Machine Learning Research},
  number =        {Oct},
  pages =         {2825--2830},
  title =         {Scikit-learn: Machine Learning in {P}ython},
  volume =        {12},
  year =          {2011},
  url =           {http://www.jmlr.org/papers/volume12/pedregosa11a/
                   pedregosa11a.pdf},
}

@article{vanderwalt2014scikit,
  author =        {van der Walt, St{\'e}fan and
                   Sch{\"o}nberger, Johannes L and Nunez-Iglesias, Juan and
                   Boulogne, Fran{\c{c}}ois and Warner, Joshua D and
                   Yager, Neil and Gouillart, Emmanuelle and Yu, Tony and
                   {the scikit-image contributors}},
  journal =       {PeerJ},
  pages =         {e453},
  publisher =     {PeerJ Inc.},
  title =         {{scikit-image}: image processing in {P}ython},
  volume =        {2},
  year =          {2014},
  url =           {https://doi.org/10.7717/peerj.453},
}

@article{vanderwalt2011numpy,
  author =        {van der Walt, St{\'e}fan and Colbert, S Chris and
                   Varoquaux, Ga{\"e}l},
  journal =       {Computing in Science \& Engineering},
  number =        {2},
  pages =         {22--30},
  publisher =     {IEEE},
  title =         {The {NumPy} array: a structure for efficient
                   numerical computation},
  volume =        {13},
  year =          {2011},
  url =           {https://doi.org/10.1109/MCSE.2011.37},
}

@inproceedings{wang2013augem,
  author =        {Wang, Qian and Zhang, Xianyi and Zhang, Yunquan and
                   Yi, Qing},
  booktitle =     {SC'13: Proceedings of the International Conference on
                   High Performance Computing, Networking, Storage and
                   Analysis},
  organization =  {IEEE},
  pages =         {1--12},
  title =         {AUGEM: automatically generate high performance dense
                   linear algebra kernels on x86 CPUs},
  year =          {2013},
}

@inproceedings{xianyi2012model,
  author =        {Xianyi, Zhang and Qian, Wang and Yunquan, Zhang},
  booktitle =     {2012 IEEE 18th International Conference on Parallel
                   and Distributed Systems},
  organization =  {IEEE},
  pages =         {684--691},
  title =         {Model-driven level 3 BLAS performance optimization on
                   Loongson 3A processor},
  year =          {2012},
}

@article{perez2007ipython,
  author =        {P{\'e}rez, Fernando and Granger, Brian E},
  journal =       {Computing in Science \& Engineering},
  number =        {3},
  pages =         {21--29},
  publisher =     {IEEE},
  title =         {{IP}ython: a system for interactive scientific
                   computing},
  volume =        {9},
  year =          {2007},
  url =           {https://doi.org/10.1109/MCSE.2007.53},
}

@conference{Kluyver:2016aa,
  author =        {Thomas Kluyver and Benjamin Ragan-Kelley and
                   Fernando P{\'e}rez and Brian Granger and
                   Matthias Bussonnier and Jonathan Frederic and
                   Kyle Kelley and Jessica Hamrick and Jason Grout and
                   Sylvain Corlay and Paul Ivanov and Dami{\'a}n Avila and
                   Safia Abdalla and Carol Willing},
  booktitle =     {Positioning and Power in Academic Publishing:
                   Players, Agents and Agendas},
  editor =        {F. Loizides and B. Schmidt},
  organization =  {IOS Press},
  pages =         {87--90},
  title =         {{Jupyter Notebooks}---a publishing format for
                   reproducible computational workflows},
  year =          {2016},
  url =           {http://doi.org/10.3233/978-1-61499-649-1-87},
}

@inproceedings{SciPyProceedings_11,
  address =       {Pasadena, CA USA},
  author =        {Aric A. Hagberg and Daniel A. Schult and
                   Pieter J. Swart},
  booktitle =     {Proceedings of the 7th Python in Science Conference},
  editor =        {Ga\"el Varoquaux and Travis Vaught and
                   K. Jarrod Millman},
  pages =         {11--15},
  title =         {Exploring Network Structure, Dynamics, and Function
                   using {NetworkX}},
  year =          {2008},
}

@article{astropy:2013,
  author =        {{Astropy Collaboration} and {Robitaille}, T.~P. and
                   {Tollerud}, E.~J. and {Greenfield}, P. and
                   {Droettboom}, M. and {Bray}, E. and {Aldcroft}, T. and
                   {Davis}, M. and {Ginsburg}, A. and
                   {Price-Whelan}, A.~M. and {Kerzendorf}, W.~E. and
                   {Conley}, A. and {Crighton}, N. and {Barbary}, K. and
                   {Muna}, D. and {Ferguson}, H. and {Grollier}, F. and
                   {Parikh}, M.~M. and {Nair}, P.~H. and {Unther}, H.~M. and
                   {Deil}, C. and {Woillez}, J. and {Conseil}, S. and
                   {Kramer}, R. and {Turner}, J.~E.~H. and {Singer}, L. and
                   {Fox}, R. and {Weaver}, B.~A. and {Zabalza}, V. and
                   {Edwards}, Z.~I. and {Azalee Bostroem}, K. and
                   {Burke}, D.~J. and {Casey}, A.~R. and
                   {Crawford}, S.~M. and {Dencheva}, N. and {Ely}, J. and
                   {Jenness}, T. and {Labrie}, K. and {Lim}, P.~L. and
                   {Pierfederici}, F. and {Pontzen}, A. and {Ptak}, A. and
                   {Refsdal}, B. and {Servillat}, M. and
                   {Streicher}, O.},
  journal =       {Astronomy \& Astrophysics},
  month =         oct,
  pages =         {A33},
  title =         {{Astropy: A community Python package for astronomy}},
  volume =        {558},
  year =          {2013},
  doi =           {10.1051/0004-6361/201322068},
  eid =           {A33},
}

@article{astropy:2018,
  author =        {{Price-Whelan}, A.~M. and {Sip{\H{o}}cz}, B.~M. and
                   {G{\"u}nther}, H.~M. and {Lim}, P.~L. and
                   {Crawford}, S.~M. and {Conseil}, S. and
                   {Shupe}, D.~L. and {Craig}, M.~W. and {Dencheva}, N. and
                   {Ginsburg}, A. and {VanderPlas}, J.~T. and
                   {Bradley}, L.~D. and {P{\'e}rez-Su{\'a}rez}, D. and
                   {de Val-Borro}, M. and {Paper Contributors}, (Primary and
                   {Aldcroft}, T.~L. and {Cruz}, K.~L. and
                   {Robitaille}, T.~P. and {Tollerud}, E.~J. and
                   {Coordination Committee}, (Astropy and {Ardelean}, C. and
                   {Babej}, T. and {Bach}, Y.~P. and {Bachetti}, M. and
                   {Bakanov}, A.~V. and {Bamford}, S.~P. and
                   {Barentsen}, G. and {Barmby}, P. and {Baumbach}, A. and
                   {Berry}, K.~L. and {Biscani}, F. and {Boquien}, M. and
                   {Bostroem}, K.~A. and {Bouma}, L.~G. and
                   {Brammer}, G.~B. and {Bray}, E.~M. and
                   {Breytenbach}, H. and {Buddelmeijer}, H. and
                   {Burke}, D.~J. and {Calderone}, G. and
                   {Cano Rodr{\'\i}guez}, J.~L. and {Cara}, M. and
                   {Cardoso}, J.~V.~M. and {Cheedella}, S. and
                   {Copin}, Y. and {Corrales}, L. and {Crichton}, D. and
                   {D{\textquoteright}Avella}, D. and {Deil}, C. and
                   {Depagne}, {\'E}. and {Dietrich}, J.~P. and
                   {Donath}, A. and {Droettboom}, M. and {Earl}, N. and
                   {Erben}, T. and {Fabbro}, S. and {Ferreira}, L.~A. and
                   {Finethy}, T. and {Fox}, R.~T. and {Garrison}, L.~H. and
                   {Gibbons}, S.~L.~J. and {Goldstein}, D.~A. and
                   {Gommers}, R. and {Greco}, J.~P. and {Greenfield}, P. and
                   {Groener}, A.~M. and {Grollier}, F. and {Hagen}, A. and
                   {Hirst}, P. and {Homeier}, D. and {Horton}, A.~J. and
                   {Hosseinzadeh}, G. and {Hu}, L. and {Hunkeler}, J.~S. and
                   {Ivezi{\'c}}, {\v{Z}}. and {Jain}, A. and
                   {Jenness}, T. and {Kanarek}, G. and {Kendrew}, S. and
                   {Kern}, N.~S. and {Kerzendorf}, W.~E. and
                   {Khvalko}, A. and {King}, J. and {Kirkby}, D. and
                   {Kulkarni}, A.~M. and {Kumar}, A. and {Lee}, A. and
                   {Lenz}, D. and {Littlefair}, S.~P. and {Ma}, Z. and
                   {Macleod}, D.~M. and {Mastropietro}, M. and
                   {McCully}, C. and {Montagnac}, S. and {Morris}, B.~M. and
                   {Mueller}, M. and {Mumford}, S.~J. and {Muna}, D. and
                   {Murphy}, N.~A. and {Nelson}, S. and {Nguyen}, G.~H. and
                   {Ninan}, J.~P. and {N{\"o}the}, M. and {Ogaz}, S. and
                   {Oh}, S. and {Parejko}, J.~K. and {Parley}, N. and
                   {Pascual}, S. and {Patil}, R. and {Patil}, A.~A. and
                   {Plunkett}, A.~L. and {Prochaska}, J.~X. and
                   {Rastogi}, T. and {Reddy Janga}, V. and {Sabater}, J. and
                   {Sakurikar}, P. and {Seifert}, M. and
                   {Sherbert}, L.~E. and {Sherwood-Taylor}, H. and
                   {Shih}, A.~Y. and {Sick}, J. and {Silbiger}, M.~T. and
                   {Singanamalla}, S. and {Singer}, L.~P. and
                   {Sladen}, P.~H. and {Sooley}, K.~A. and
                   {Sornarajah}, S. and {Streicher}, O. and {Teuben}, P. and
                   {Thomas}, S.~W. and {Tremblay}, G.~R. and
                   {Turner}, J.~E.~H. and {Terr{\'o}n}, V. and
                   {van Kerkwijk}, M.~H. and {de la Vega}, A. and
                   {Watkins}, L.~L. and {Weaver}, B.~A. and
                   {Whitmore}, J.~B. and {Woillez}, J. and {Zabalza}, V. and
                   {Contributors}, (Astropy)},
  journal =       {The Astronomical Journal},
  month =         sep,
  pages =         {123},
  title =         {{The Astropy Project: Building an Open-science
                   Project and Status of the v2.0 Core Package}},
  volume =        {156},
  year =          {2018},
}

@article{cock2009biopython,
  author =        {Cock, Peter JA and Antao, Tiago and Chang, Jeffrey T and
                   Chapman, Brad A and Cox, Cymon J and Dalke, Andrew and
                   Friedberg, Iddo and Hamelryck, Thomas and
                   Kauff, Frank and Wilczynski, Bartek and
                   de Hoon, Michiel J L},
  journal =       {Bioinformatics},
  number =        {11},
  pages =         {1422--1423},
  publisher =     {Oxford University Press},
  title =         {Biopython: freely available {Python} tools for
                   computational molecular biology and bioinformatics},
  volume =        {25},
  year =          {2009},
}

@article{millman2007analysis,
  author =        {Millman, K Jarrod and Brett, Matthew},
  journal =       {Computing in Science \& Engineering},
  number =        {3},
  pages =         {52--55},
  publisher =     {IEEE},
  title =         {Analysis of functional {M}agnetic {R}esonance {I}maging in
                   {P}ython},
  volume =        {9},
  year =          {2007},
  url =           {https://doi.org/10.1109/MCSE.2007.46},
}

@article{sunpy2015,
  author =        {{SunPy Community}, T. and {Mumford}, S.~J. and
                   {Christe}, S. and {P{\'e}rez-Su{\'a}rez}, D. and
                   {Ireland}, J. and {Shih}, A.~Y. and {Inglis}, A.~R. and
                   {Liedtke}, S. and {Hewett}, R.~J. and {Mayer}, F. and
                   {Hughitt}, K. and {Freij}, N. and {Meszaros}, T. and
                   {Bennett}, S.~M. and {Malocha}, M. and {Evans}, J. and
                   {Agrawal}, A. and {Leonard}, A.~J. and
                   {Robitaille}, T.~P. and {Mampaey}, B. and
                   {Iv{\'a}n Campos-Rozo}, J. and {Kirk}, M.~S.},
  journal =       {Computational Science and Discovery},
  month =         jan,
  number =        {1},
  pages =         {014009},
  title =         {{SunPy---Python for solar physics}},
  volume =        {8},
  year =          {2015},
  doi =           {10.1088/1749-4699/8/1/014009},
}

@inproceedings{2018EGUGA..2012146H,
  author =        {{Hamman}, Joseph and {Rocklin}, Matthew and
                   {Abernathy}, Ryan},
  booktitle =     {EGU General Assembly Conference Abstracts},
  month =         {Apr},
  pages =         {12146},
  series =        {EGU General Assembly Conference Abstracts},
  title =         {{Pangeo: A Big-data Ecosystem for Scalable Earth
                   System Science}},
  year =          {2018},
}

@article{chael2019ehtim,
  author =        {Chael, Andrew A and Bouman, Katherine L and
                   Johnson, Michael D and Narayan, Ramesh and
                   Doeleman, Sheperd S and Wardle, John FC and
                   Blackburn, Lindy L and Akiyama, Kazunori and
                   Wielgus, Maciek and Chan, Chi-kwan and others},
  journal =       {Astrophysics Source Code Library},
  title =         {ehtim: Imaging, analysis, and simulation software for
                   radio interferometry},
  year =          {2019},
}

@article{millman2014developing,
  author =        {Millman, K Jarrod and P{\'e}rez, Fernando},
  journal =       {Implementing Reproducible Research. CRC Press, Boca
                   Raton, FL},
  pages =         {149--183},
  title =         {Developing open-source scientific practice},
  year =          {2014},
  url =           {http://www.jarrodmillman.com/publications/
                   millman2014developing.pdf},
}

@inproceedings{vanderwalt2008scipy,
  author =        {van der Walt, St{\'e}fan},
  booktitle =     {Proceedings of the 7th {P}ython in Science Conference
                   (SciPy 2008)},
  editor =        {G. Varoquaux and T. Vaught and K. J. Millman},
  pages =         {27--28},
  title =         {The {SciPy} documentation project (technical
                   overview)},
  year =          {2008},
  url =           {http://conference.scipy.org/proceedings/scipy2008/paper_5/},
}

@inproceedings{harrington2008scipy,
  author =        {Harrington, Joseph},
  booktitle =     {Proceedings of the 7th {P}ython in Science Conference
                   (SciPy 2008)},
  editor =        {G. Varoquaux and T. Vaught and K. J. Millman},
  pages =         {33--35},
  title =         {The {SciPy} documentation project},
  year =          {2008},
  url =           {http://conference.scipy.org/proceedings/scipy2008/paper_7/},
}

@inproceedings{harrington2009scipy,
  author =        {Harrington, Joseph and Goldsmith, David},
  booktitle =     {Proceedings of the 8th {P}ython in Science Conference
                   (SciPy 2009)},
  editor =        {G. Varoquaux and S. van der Walt and K. J. Millman},
  pages =         {84--87},
  title =         {Progress report: {NumPy} and {SciPy} documentation in
                   2009},
  year =          {2009},
  url =           {http://conference.scipy.org/proceedings/scipy2009/paper_14/
                  },
}

@article{wilson-software-carpentry,
  author =        {Greg Wilson},
  journal =       {Computing in Science \& Engineering},
  month =         {November--December},
  title =         {Software Carpentry: Getting Scientists to Write
                   Better Code by Making Them More Productive},
  year =          {2006},
}

@inproceedings{hannay-scientific-software-survey,
  author =        {Jo Erskine Hannay and Hans Petter Langtangen and
                   Carolyn MacLeod and Dietmar Pfahl and Janice Singer and
                   Greg Wilson},
  booktitle =     {Proc. 2009 ICSE Workshop on Software Engineering for
                   Computational Science and Engineering},
  title =         {How Do Scientists Develop and Use Scientific
                   Software?},
  year =          {2009},
}

@article{millman2018teaching,
  author =        {Millman, K Jarrod and Brett, Matthew and
                   Barnowski, Ross and Poline, Jean-Baptiste},
  journal =       {Frontiers in Neuroscience},
  pages =         {727},
  publisher =     {Frontiers},
  title =         {Teaching computational reproducibility for
                   neuroimaging},
  volume =        {12},
  year =          {2018},
}

@incollection{NEURIPS2019_9015,
  author =        {Paszke, Adam and Gross, Sam and Massa, Francisco and
                   Lerer, Adam and Bradbury, James and Chanan, Gregory and
                   Killeen, Trevor and Lin, Zeming and
                   Gimelshein, Natalia and Antiga, Luca and
                   Desmaison, Alban and Kopf, Andreas and Yang, Edward and
                   DeVito, Zachary and Raison, Martin and
                   Tejani, Alykhan and Chilamkurthy, Sasank and
                   Steiner, Benoit and Fang, Lu and Bai, Junjie and
                   Chintala, Soumith},
  booktitle =     {Advances in Neural Information Processing Systems 32},
  editor =        {H. Wallach and H. Larochelle and A. Beygelzimer and
                   F. d\textquotesingle Alch\'{e}-Buc and E. Fox and
                   R. Garnett},
  pages =         {8024--8035},
  publisher =     {Curran Associates, Inc.},
  title =         {PyTorch: An Imperative Style, High-Performance Deep
                   Learning Library},
  year =          {2019},
  url =           {http://papers.neurips.cc/paper/9015-pytorch-an-imperative-
                   style-high-performance-deep-learning-library.pdf},
}

@article{abadi2016tensorflow,
  author =        {Abadi, Mart{\'\i}n and Agarwal, Ashish and
                   Barham, Paul and Brevdo, Eugene and Chen, Zhifeng and
                   Citro, Craig and Corrado, Greg S and Davis, Andy and
                   Dean, Jeffrey and Devin, Matthieu and others},
  journal =       {arXiv preprint arXiv:1603.04467},
  title =         {Tensorflow: Large-scale machine learning on
                   heterogeneous distributed systems},
  year =          {2016},
}

@article{chen2015mxnet,
  author =        {Chen, Tianqi and Li, Mu and Li, Yutian and Lin, Min and
                   Wang, Naiyan and Wang, Minjie and Xiao, Tianjun and
                   Xu, Bing and Zhang, Chiyuan and Zhang, Zheng},
  journal =       {arXiv preprint arXiv:1512.01274},
  title =         {Mxnet: A flexible and efficient machine learning
                   library for heterogeneous distributed systems},
  year =          {2015},
}

@article{hoyer2017xarray,
  author =        {Hoyer, S. and J. Hamman},
  journal =       {Journal of Open Research Software},
  number =        {1},
  publisher =     {Ubiquity Press},
  title =         {xarray: {N-D} labeled arrays and datasets in
                   {Python}},
  volume =        {5},
  year =          {2017},
  doi =           {10.5334/jors.148},
  url =           {http://doi.org/10.5334/jors.148},
}

@misc{entschev2019,
  author =        {P. Entschev},
  howpublished =  {EuroPython 2019},
  title =         {{D}istributed Multi-{GPU} Computing with {D}ask,
                   {C}u{P}y and {RAPIDS}},
  year =          {2019},
}

@article{behnel2011cython,
  author =        {Behnel, Stefan and Bradshaw, Robert and Citro, Craig and
                   Dalcin, Lisandro and Seljebotn, Dag Sverre and
                   Smith, Kurt},
  journal =       {Computing in Science \& Engineering},
  number =        {2},
  pages =         {31--39},
  publisher =     {IEEE},
  title =         {Cython: The best of both worlds},
  volume =        {13},
  year =          {2011},
  url =           {https://doi.org/10.1109/MCSE.2010.118},
}

@inproceedings{Lam:2015:NLP:2833157.2833162,
  address =       {New York, NY, USA},
  author =        {Lam, Siu Kwan and Pitrou, Antoine and
                   Seibert, Stanley},
  booktitle =     {Proceedings of the Second Workshop on the LLVM
                   Compiler Infrastructure in HPC},
  pages =         {7:1--7:6},
  publisher =     {ACM},
  series =        {LLVM '15},
  title =         {Numba: A {LLVM}-based {P}ython {JIT} Compiler},
  year =          {2015},
  isbn =          {978-1-4503-4005-2},
  url =           {http://doi.acm.org/10.1145/2833157.2833162},
}

@article{guelton2015pythran,
  author =        {Guelton, Serge and Brunet, Pierrick and Amini, Mehdi and
                   Merlini, Adrien and Corbillon, Xavier and
                   Raynaud, Alan},
  journal =       {Computational Science \& Discovery},
  number =        {1},
  pages =         {014001},
  publisher =     {IOP Publishing},
  title =         {Pythran: Enabling static optimization of scientific
                   python programs},
  volume =        {8},
  year =          {2015},
}

@article{dongarra2008netlib,
  author =        {Dongarra, Jack and Golub, Gene H and Grosse, Eric and
                   Moler, Cleve and Moore, Keith},
  journal =       {IEEE Annals of the History of Computing},
  number =        {2},
  pages =         {30--41},
  publisher =     {IEEE},
  title =         {Netlib and NA-Net: Building a scientific computing
                   community},
  volume =        {30},
  year =          {2008},
}

@techreport{dubois1989basis,
  author =        {Dubois, Paul F},
  institution =   {Lawrence Livermore National Laboratory, CA (USA)},
  note =          {UCRL-MA-118543, Parts I-VI},
  title =         {The basis system},
  year =          {1989},
}

@article{munro1995using,
  author =        {Munro, David H and Dubois, Paul F},
  journal =       {Computers in Physics},
  number =        {6},
  pages =         {609--615},
  publisher =     {AIP},
  title =         {Using the Yorick interpreted language},
  volume =        {9},
  year =          {1995},
}

@article{ihaka1996r,
  author =        {Ihaka, Ross and Gentleman, Robert},
  journal =       {Journal of Computational and Graphical Statistics},
  number =        {3},
  pages =         {299--314},
  publisher =     {Taylor \& Francis Group},
  title =         {R: a language for data analysis and graphics},
  volume =        {5},
  year =          {1996},
}

@inproceedings{iverson1962programming,
  author =        {Iverson, Kenneth E},
  booktitle =     {Proceedings of the May 1-3, 1962, Spring Joint
                   Computer Conference},
  pages =         {345--351},
  title =         {A programming language},
  year =          {1962},
}

@inproceedings{jenness2018lsst,
  author =        {Jenness, Tim and Economou, Frossie and
                   Findeisen, Krzysztof and Hernandez, Fabio and
                   Hoblitt, Josh and Krughoff, K Simon and Lim, KT and
                   Lupton, Robert H and Mueller, Fritz and
                   O'Mullane, William and others},
  booktitle =     {Software and Cyberinfrastructure for Astronomy V},
  organization =  {International Society for Optics and Photonics},
  pages =         {1070709},
  title =         {LSST data management software development practices
                   and tools},
  volume =        {10707},
  year =          {2018},
}

@article{10.1145/2692956.2663188,
  address =       {New York, NY, USA},
  author =        {Matsakis, Nicholas D. and Klock, Felix S.},
  journal =       {Ada Letters,
  month =         oct,
  number =        {3},
  pages =         {103--104},
  publisher =     {Association for Computing Machinery},
  title =         {The Rust Language},
  volume =        {34},
  year =          {2014},
  doi =           {10.1145/2692956.2663188},
  issn =          {1094-3641},
  url =           {https://doi.org/10.1145/2692956.2663188},
}

@article{Julia-2017,
  author =        {Bezanson, Jeff and Edelman, Alan and
                   Karpinski, Stefan and Shah, Viral B},
  journal =       {SIAM {R}eview},
  number =        {1},
  pages =         {65--98},
  publisher =     {SIAM},
  title =         {Julia: A fresh approach to numerical computing},
  volume =        {59},
  year =          {2017},
  doi =           {10.1137/141000671},
}

@inproceedings{LLVM:CGO04,
  address =       {San Jose, CA, USA},
  author =        {Chris Lattner and Vikram Adve},
  booktitle =     {},
  month =         {Mar},
  pages =         {75--88},
  title =         {{LLVM}: A Compilation Framework for Lifelong Program
                   Analysis and Transformation},
  year =          {2004},
}

@article{peterson2009f2py,
  author =        {Peterson, Pearu},
  journal =       {International Journal of Computational Science and
                   Engineering},
  number =        {4},
  pages =         {296--305},
  publisher =     {Inderscience Publishers},
  title =         {{F2PY}: a tool for connecting {F}ortran and {P}ython
                   programs},
  volume =        {4},
  year =          {2009},
  url =           {https://doi.org/10.1504/IJCSE.2009.029165},
}

@misc{NumPyProjectGovernance,
  author =        {{The NumPy Project Community}},
  title =         {{NumPy} Project Governance},
  year =          {2015},
  url =           {https://numpy.org/devdocs/dev/governance/governance.html},
}

@misc{NumPyCodeofConduct,
  author =        {{The NumPy Project Community}},
  title =         {{NumPy} Code of Conduct},
  year =          {2018},
  url =           {https://numpy.org/devdocs/dev/conduct/code_of_conduct.html},
}

@misc{PEP427,
  author =        {Daniel Holth},
  title =         {PEP 427 -- The Wheel Binary Package Format 1.0},
  year =          {2012},
  url =           {https://www.python.org/dev/peps/pep-0427/},
}

@misc{multibuild,
  author =        {{Brett, M. et al}},
  title =         {{multibuild}},
  year =          {2016},
  url =           {https://github.com/matthew-brett/multibuild},
}

@misc{NEP13,
  author =        {Griffith, Blake and Virtanen, Pauli and
                   Smith, Nathaniel and {van Kerkwijk}, Marten and
                   Hoyer, Stephan},
  title =         {{NEP} 13 -- A Mechanism for Overriding Ufuncs},
  year =          {2013},
  url =           {https://numpy.org/neps/nep-0013-ufunc-overrides.html},
}

@misc{NEP18,
  author =        {Hoyer, Stephan and Rocklin, Matthew and
                   {van Kerkwijk}, Marten and Abbasi, Hameer and
                   Wieser, Eric},
  title =         {{NEP} 18 -- A dispatch mechanism for NumPy's high
                   level array functions},
  year =          {2018},
  url =           {https://numpy.org/neps/nep-0018-array-function-
                  protocol.html},
}

@techreport{pcg64,
  address =       {Claremont, CA},
  author =        {Melissa E. O'Neill},
  institution =   {Harvey Mudd College},
  month =         sep,
  number =        {HMC-CS-2014-0905},
  title =         {PCG: A Family of Simple Fast Space-Efficient
                   Statistically Good Algorithms for Random Number
                   Generation},
  year =          {2014},
}

@inproceedings{random123,
  address =       {New York, NY, USA},
  author =        {Salmon, John K. and Moraes, Mark A. and Dror, Ron O. and
                   Shaw, David E.},
  booktitle =     {Proceedings of 2011 International Conference for High
                   Performance Computing, Networking, Storage and
                   Analysis},
  pages =         {16:1--16:12},
  publisher =     {ACM},
  series =        {SC '11},
  title =         {Parallel Random Numbers: As Easy As 1, 2, 3},
  year =          {2011},
  doi =           {10.1145/2063384.2063405},
  isbn =          {978-1-4503-0771-0},
  url =           {http://doi.acm.org/10.1145/2063384.2063405},
}

@misc{practrand,
  author =        {Doty-Humphrey, Chris},
  title =         {PractRand, version 0.94},
}

@article{mt19937,
  address =       {New York, NY, USA},
  author =        {Matsumoto, Makoto and Nishimura, Takuji},
  journal =       {ACM Transactions on Modeling and Computer Simulation},
  month =         jan,
  number =        {1},
  pages =         {3--30},
  publisher =     {ACM},
  title =         {{Mersenne Twister}: A 623-dimensionally Equidistributed
                   Uniform Pseudo-random Number Generator},
  volume =        {8},
  year =          {1998},
  doi =           {10.1145/272991.272995},
  issn =          {1049-3301},
  url =           {http://doi.acm.org/10.1145/272991.272995},
}

@misc{randomgen,
  author =        {Kevin Sheppard and Bernardt Duvenhage and
                   Pierre de Buyl and David A. Ham},
  month =         apr,
  publisher =     {Zenodo},
  title =         {bashtage/randomgen: Release 1.16.2},
  year =          {2019},
  doi =           {10.5281/zenodo.2621273},
}

@article{ziggurat,
  author =        {George Marsaglia and Wai Wan Tsang},
  journal =       {Journal of Statistical Software, Articles},
  number =        {8},
  pages =         {1--7},
  title =         {The Ziggurat Method for Generating Random Variables},
  volume =        {5},
  year =          {2000},
  abstract =      {We provide a new version of our ziggurat method for
                   generating a random variable from a given decreasing
                   density. It is faster and simpler than the original,
                   and will produce, for example, normal or exponential
                   variates at the rate of 15 million per second with a
                   C version on a 400MHz PC. It uses two tables,
                   integers ki, and reals wi. Some 99% of the time, the
                   required x is produced by: Generate a random 32-bit
                   integer j and let i be the index formed from the
                   rightmost 8 bits of j. If j < k, return x = j x wi.
                   We illustrate with C code that provides for inline
                   generation of both normal and exponential variables,
                   with a short procedure for settting up the necessary
                   tables.},
  doi =           {10.18637/jss.v005.i08},
  issn =          {1548-7660},
  url =           {https://www.jstatsoft.org/v005/i08},
}

@article{lemire,
  author =        {Lemire, Daniel},
  journal =       {ACM Transactions on Modeling and Computer Simulation},
  month =         {Jan},
  number =        {1},
  pages =         {1--12},
  publisher =     {Association for Computing Machinery (ACM)},
  title =         {Fast Random Integer Generation in an Interval},
  volume =        {29},
  year =          {2019},
  doi =           {10.1145/3230636},
  issn =          {1049-3301},
  url =           {http://dx.doi.org/10.1145/3230636},
}

@misc{top500nov2019,
  author =        {{top500}},
  title =         {TOP 10 Sites for November 2019},
  year =          {2019},
  url =           {https://www.top500.org/lists/2019/11/},
}

@misc{astra-wiki,
  author =        {{wikichip}},
  title =         {Astra - Supercomputers},
  year =          {2019},
  url =           {https://en.wikichip.org/wiki/supercomputers/astra},
}

@misc{arm-architecture,
  author =        {{Wikipedia}},
  title =         {ARM architecture},
  year =          {2019},
  url =           {https://en.wikipedia.org/wiki/ARM_architecture},
}

@misc{numpy-roadmap,
  author =        {{NumPy Developers}},
  title =         {NumPy Roadmap},
  year =          {2019},
  url =           {https://numpy.org/neps/roadmap.html#continuous-integration},
}

@misc{PEP599,
  author =        {{Dustin Ingram}},
  title =         {PEP 599 -- The manylinux2014 Platform Tag},
  year =          {2019},
  url =           {https://www.python.org/dev/peps/pep-0599/},
}
